 @misc{Ctan,
 title={Directory macros/latex/contrib}, 
 url={https://www.ctan.org/tex-archive/macros/latex/contrib/}, 
 journal={CTAN Atom}};